@book{buhmann2012dispersion,
	address = {Berlin, Heidelberg},
	series = {Springer {Tracts} in {Modern} {Physics}},
	title = {Dispersion {Forces} {I}},
	volume = {247},
	publisher = {Springer Berlin Heidelberg},
	author = {Buhmann, Stefan Yoshi},
	year = {2012}
}


@article{gruner1995correlation,
	title = {Correlation of radiation-field ground-state fluctuations in a dispersive and lossy dielectric},
	volume = {51},
	number = {4},
	journal = {Phys. Rev. A},
	author = {Gruner, T. and Welsch, D.-G.},
	year = {1995},
	pages = {3246--3256}
}

@article{gruner1996green-function,
	title = {Green-function approach to the radiation-field quantization for homogeneous and inhomogeneous {Kramers}-{Kronig} dielectrics},
	volume = {53},
	number = {3},
	journal = {Phys. Rev. A},
	author = {Gruner, T. and Welsch, D.-G.},
	year = {1996},
	pages = {1818--1829}
}

@article{huttner1992quantization,
	title = {Quantization of the electromagnetic field in dielectrics},
	volume = {46},
	number = {7},
	journal = {Phys. Rev. A},
	author = {Huttner, Bruno and Barnett, Stephen M.},
	year = {1992},
	pages = {4306--4322}
}

@article{husimi1953miscellanea,
	title = {Miscellanea in {Elementary} {Quantum} {Mechanics}, {II}},
	volume = {9},
	number = {4},
	journal = {Progr. Theor. Phys.},
	author = {Husimi, Kodi},
	year = {1953},
	pages = {381--402}
}


@book{titchmarsh1946eigenfunction,
	title = {Eigenfunction {Expansions} {Associated} {With} {Second} {Order} {Differential} {Equations}},
	publisher = {Oxford at the Clarendon Press},
	author = {Titchmarsh, E. C.},
	year = {1946}
}

@book{stratton1941electromagnetic,
	title = {Electromagnetic {Theory}},
	publisher = {John Wiley \& Sons, Ltd},
	author = {Stratton, Julius Adams},
	year = {1941}
}

@article{hansen1935new,
	title = {A {New} {Type} of {Expansion} in {Radiation} {Problems}},
	volume = {47},
	number = {2},
    journal = {Physical Review},
	author = {Hansen, W. W.},
	year = {1935},
	pages = {139--143}
}

@book{tai1994dyadic,
	edition = {2nd ed},
	series = {{IEEE} {Press} series on electromagnetic waves},
	title = {Dyadic green functions in electromagnetic theory},
	publisher = {IEEE Press},
	author = {Tai, Chen-to},
	collaborator = {IEEE Antennas {and} Propagation Society and IEEE Microwave Theory {and} Techniques Society},
	year = {1994}
}


@article{barrera1985vector,
	title = {Vector spherical harmonics and their application to magnetostatics},
	volume = {6},
	number = {4},
	journal = {European Journal of Physics},
	author = {Barrera, R G and Estevez, G A and Giraldo, J},
	year = {1985},
	pages = {287--294}
}


@article{liebsch1987dynamical,
	author = {Liebsch, A.},
	title = {Dynamical screening at simple-metal surfaces},
	volume = {36},
	number = {14},
	journal = {Phys. Rev. B},
	year = {1987},
	pages = {7378--7388}
}

@article{ishida2002static,
	title = {Static and quasistatic response of {Ag} surfaces to a uniform electric field},
	volume = {66},
	number = {15},
	journal = {Physical Review B},
	author = {Ishida, H. and Liebsch, A.},
	year = {2002},
	pages = {155413}
}


@book{zangwill2012modern,
	edition = {1},
	title = {Modern {Electrodynamics}},
	publisher = {Cambridge University Press},
	author = {Zangwill, Andrew},
	year = {2012}
}



@book{cohen-tannoudji2004photons,
	address = {Weinheim},
	series = {Physics textbook},
	title = {Photons and Atoms: Introduction to Quantum Electrodynamics},
	publisher = {Wiley-VCH},
	author = {Cohen-Tannoudji, Claude and Dupont-Roc, Jacques and Grynberg, Gilbert},
	year = {2004}
}


@article{toscano2015resonance,
	title = {Resonance shifts and spill-out effects in self-consistent hydrodynamic nanoplasmonics},
	volume = {6},
	number = {1},
	journal = {Nat Commun},
	author = {Toscano, Giuseppe and Straubel, Jakob and Kwiatkowski, Alexander and Rockstuhl, Carsten and Evers, Ferdinand and Xu, Hongxing and Asger Mortensen, N. and Wubs, Martijn},
	year = {2015},
	pages = {7132}
}
